@article{Oliphant2007,
abstract = {By itself, Python isan excellent "steering" language for scientific codes written in otherlanguages. However, with additional basic tools, Python transforms into ahigh-level language suited for scientific and engineering code that's oftenfast enough to be immediately useful but also flexible enoughto be sped up with additional extensions.},
author = {Oliphant, Travis E.},
journal = {Computing in Science \& Engineering},
keywords = {high level languages,natural sciences computing},
month = may,
number = {3},
pages = {10--20},
publisher = {IEEE},
shorttitle = {Comput. Sci. Eng.},
title = {{Python for Scientific Computing}},
volume = {9},
year = {2007}
}
@misc{TheHDFGroup2010,
author = {{The HDF Group}},
title = {{Hierarchical data format version 5}},
url = { http://www.hdfgroup.org/HDF5},
year = {2010}
}
